<?xml version="1.0" encoding="UTF-8"?><collection xmlns="http://www.loc.gov/MARC21/slim"><record><leader>00319nam--2200133-i-4500</leader><controlfield tag="001">000006198</controlfield><controlfield tag="002">20161230</controlfield><controlfield tag="005">20161230201026</controlfield><controlfield tag="008">060222s1000------------r-----000-0-eng-d</controlfield><datafield ind1=" " ind2=" " tag="100"><subfield code="a">Achermann, A.H</subfield></datafield><datafield ind1=" " ind2=" " tag="245"><subfield code="a">La recherche de martensite</subfield></datafield><datafield ind1=" " ind2=" " tag="260"><subfield code="a">Geneve, Cern, 1963 8 P. + 18 Figuri</subfield></datafield><datafield ind1=" " ind2=" " tag="490"><subfield code="a">63-11</subfield></datafield><datafield ind1=" " ind2=" " tag="852"><subfield code="a">13458</subfield></datafield></record></collection>